<record><leader>00000cas a22000007a 4500</leader><controlfield tag="001">13366739</controlfield><controlfield tag="008">860401d18511851tnuir ne      0    0eng  </controlfield><datafield ind1=" " ind2=" " tag="010"><subfield code="a">sn 86071260 </subfield></datafield><datafield ind1=" " ind2=" " tag="040"><subfield code="a">DLC</subfield><subfield code="b">eng</subfield><subfield code="c">DLC</subfield><subfield code="d">NPX</subfield><subfield code="d">TGN</subfield><subfield code="d">OCL</subfield><subfield code="d">OCLCQ</subfield><subfield code="d">OCLCO</subfield><subfield code="d">OCLCQ</subfield><subfield code="d">DLC</subfield><subfield code="d">OCLCA</subfield></datafield><datafield ind1=" " ind2=" " tag="042"><subfield code="a">msc</subfield></datafield><datafield ind1=" " ind2=" " tag="043"><subfield code="a">n-us-tn</subfield></datafield><datafield ind1="0" ind2="0" tag="050"><subfield code="a">Newspaper 9869</subfield></datafield><datafield ind1="0" ind2="0" tag="245"><subfield code="a">Daily true Whig.</subfield></datafield><datafield ind1="1" ind2="3" tag="246"><subfield code="a">Tri-weekly Whig</subfield><subfield code="f">&lt;Jan. 11, 1851&gt;</subfield></datafield><datafield ind1=" " ind2=" " tag="250"><subfield code="a">[Country ed.].</subfield></datafield><datafield ind1=" " ind2=" " tag="260"><subfield code="a">Nashville [Tenn.] :</subfield><subfield code="b">B.R. M'Kennie &amp; Co.,</subfield><subfield code="c">-1851.</subfield></datafield><datafield ind1=" " ind2=" " tag="300"><subfield code="a">v. :</subfield><subfield code="b">ill. (chiefly advertisements) ;</subfield><subfield code="c">58 cm.</subfield></datafield><datafield ind1=" " ind2=" " tag="310"><subfield code="a">Three times a week</subfield></datafield><datafield ind1="0" ind2=" " tag="362"><subfield code="a">-Feb. 12, 1851.</subfield></datafield><datafield ind1="1" ind2=" " tag="362"><subfield code="a">Began in Jan. 1851.</subfield></datafield><datafield ind1=" " ind2=" " tag="588"><subfield code="a">Description based on: Jan. 10, 1851.</subfield></datafield><datafield ind1=" " ind2="0" tag="651"><subfield code="a">Davidson County</subfield><subfield code="v">Newspapers.</subfield></datafield><datafield ind1=" " ind2="0" tag="651"><subfield code="a">Nashville (Tenn.)</subfield><subfield code="v">Newspapers.</subfield></datafield><datafield ind1=" " ind2=" " tag="752"><subfield code="a">United States</subfield><subfield code="b">Tennessee</subfield><subfield code="c">Davidson</subfield><subfield code="d">Nashville.</subfield></datafield><datafield ind1="0" ind2=" " tag="775"><subfield code="t">Nashville true Whig and weekly commercial register</subfield><subfield code="w">(DLC)sn 84024445</subfield></datafield><datafield ind1="0" ind2=" " tag="775"><subfield code="t">Nashville daily true Whig</subfield><subfield code="w">(DLC)sn 86071223</subfield></datafield><datafield ind1="0" ind2=" " tag="775"><subfield code="t">Daily Nashville true Whig</subfield><subfield code="x">2327-8412</subfield><subfield code="w">(DLC)sn 86071224</subfield><subfield code="w">(OCoLC)13311256</subfield></datafield><datafield ind1="0" ind2="1" tag="780"><subfield code="t">Nashville true Whig</subfield><subfield code="w">(DLC)sn 86071222</subfield></datafield><datafield ind1="0" ind2="0" tag="785"><subfield code="t">True Whig (Nashville, Tenn.)</subfield><subfield code="w">(DLC)sn 86071261</subfield></datafield><datafield ind1="1" ind2=" " tag="029"><subfield code="a">AU@</subfield><subfield code="b">000020236377</subfield></datafield></record>